<record><leader>00000cas a2200000 a 4500</leader><controlfield tag="001">4974671</controlfield><controlfield tag="008">790517c19689999gauwr ne      0   a0eng d</controlfield><datafield ind1=" " ind2=" " tag="010"><subfield code="a">sn 79006173 </subfield></datafield><datafield ind1=" " ind2=" " tag="040"><subfield code="a">NSD</subfield><subfield code="b">eng</subfield><subfield code="c">NSD</subfield><subfield code="d">NLG</subfield><subfield code="d">OCL</subfield><subfield code="d">GUA</subfield><subfield code="d">OCLCQ</subfield><subfield code="d">OCLCF</subfield><subfield code="d">OCLCO</subfield></datafield><datafield ind1=" " ind2=" " tag="012"><subfield code="m">1</subfield></datafield><datafield ind1="1" ind2=" " tag="022"><subfield code="a">0192-2483</subfield><subfield code="l">0192-2483</subfield><subfield code="2">1</subfield></datafield><datafield ind1="1" ind2=" " tag="029"><subfield code="a">AU@</subfield><subfield code="b">000040824450</subfield></datafield><datafield ind1=" " ind2=" " tag="032"><subfield code="a">074350</subfield><subfield code="b">USPS</subfield></datafield><datafield ind1=" " ind2=" " tag="042"><subfield code="a">nsdp</subfield><subfield code="a">msc</subfield></datafield><datafield ind1=" " ind2=" " tag="043"><subfield code="a">n-us-ga</subfield></datafield><datafield ind1=" " ind2="4" tag="222"><subfield code="a">The Mableton neighbor</subfield></datafield><datafield ind1="0" ind2="4" tag="245"><subfield code="a">The Mableton neighbor.</subfield></datafield><datafield ind1="0" ind2="3" tag="246"><subfield code="a">Mableton edition neighbor</subfield></datafield><datafield ind1=" " ind2=" " tag="260"><subfield code="a">Marietta, Ga. :</subfield><subfield code="b">Community Newspapers,</subfield><subfield code="c">[1968]-</subfield></datafield><datafield ind1=" " ind2=" " tag="300"><subfield code="a">v.</subfield></datafield><datafield ind1=" " ind2=" " tag="310"><subfield code="a">Weekly</subfield></datafield><datafield ind1="1" ind2=" " tag="362"><subfield code="a">Began in 1968.</subfield></datafield><datafield ind1=" " ind2=" " tag="530"><subfield code="a">Also on microfilm: Athens, Ga. : University of Georgia Libraries.</subfield></datafield><datafield ind1=" " ind2="0" tag="651"><subfield code="a">Mableton (Ga.)</subfield><subfield code="v">Newspapers.</subfield></datafield><datafield ind1=" " ind2="0" tag="651"><subfield code="a">Cobb County (Ga.)</subfield><subfield code="v">Newspapers.</subfield></datafield><datafield ind1=" " ind2="7" tag="655"><subfield code="a">Newspapers.</subfield><subfield code="2">fast</subfield><subfield code="0">(OCoLC)fst01423814</subfield></datafield><datafield ind1=" " ind2="7" tag="651"><subfield code="a">Georgia</subfield><subfield code="z">Cobb County.</subfield><subfield code="2">fast</subfield><subfield code="0">(OCoLC)fst01211778</subfield></datafield><datafield ind1=" " ind2="7" tag="651"><subfield code="a">Georgia</subfield><subfield code="z">Mableton.</subfield><subfield code="2">fast</subfield><subfield code="0">(OCoLC)fst01247864</subfield></datafield><datafield ind1=" " ind2=" " tag="752"><subfield code="a">United States</subfield><subfield code="b">Georgia</subfield><subfield code="c">Cobb</subfield><subfield code="d">Mableton.</subfield></datafield><datafield ind1="0" ind2="0" tag="780"><subfield code="t">Mableton mail</subfield><subfield code="w">(DLC)sn 89053959</subfield><subfield code="w">(OCoLC)21277892</subfield></datafield><datafield ind1=" " ind2=" " tag="936"><subfield code="a">v. 19, no. 15 (surrogate)</subfield></datafield></record>